@article{McQuilton01012012,
author = {McQuilton, Peter and St. Pierre, Susan E. and Thurmond, Jim and {the FlyBase Consortium}}, 
title = {FlyBase 101 – the basics of navigating FlyBase},
volume = {40}, 
number = {D1}, 
pages = {D706-D714}, 
year = {2012}, 
doi = {http://dx.doi.org/10.1093/nar/gkr1030}, 
URL = {http://nar.oxfordjournals.org/content/40/D1/D706.abstract}, 
eprint = {http://nar.oxfordjournals.org/content/40/D1/D706.full.pdf+html}, 
journal = {Nucleic Acids Research} 
}

@article {Aivazian917,
	author = {Aivazian, Dikran and Serrano, Ramon L. and Pfeffer, Suzanne},
	title = {TIP47 is a key effector for Rab9 localization},
	volume = {173},
	number = {6},
	pages = {917--926},
	year = {2006},
	doi = {http://dx.doi.org/10.1083/jcb.200510010},
	publisher = {Rockefeller University Press},
	issn = {0021-9525},
	URL = {http://jcb.rupress.org/content/173/6/917},
	eprint = {http://jcb.rupress.org/content/173/6/917.full.pdf},
	journal = {The Journal of Cell Biology}
}

@article {Bloss029983,
	author = {Bloss, Cinnamon S and Wineinger, Nathan E and Peters, Melissa and Boeldt, Debra L and Ariniello, Lauren and Kim, Ju Young and Sheard, Judy and Komatireddy, Ravi and Barrett, Paddy and Topol, Eric J},
	title = {A prospective randomized trial examining health care utilization in individuals using multiple smartphone-enabled biosensors},
	year = {2016},
	doi = {http://dx.doi.org/10.1101/029983},
	publisher = {Cold Spring Harbor Labs Journals},
	URL = {http://biorxiv.org/content/early/2016/01/14/029983},
	eprint = {http://biorxiv.org/content/early/2016/01/14/029983.full.pdf},
	journal = {bioRxiv}
}

@article{SGM:/content/journal/ijsem/10.1099/ijs.0.63255-0,
   author = "Brettar, Ingrid and Christen, Richard and Höfle, Manfred G.",
   title = "Aquiflexum balticum gen. nov., sp. nov., a novel marine bacterium of the Cytophaga–Flavobacterium–Bacteroides group isolated from surface water of the central Baltic Sea",
   journal = "International Journal of Systematic and Evolutionary Microbiology",
   year = "2004",
   volume = "54",
   number = "6", 
   pages = "2335-2341",
   url = "http://ijs.microbiologyresearch.org/content/journal/ijsem/10.1099/ijs.0.63255-0"
}

@article{SGM:/content/journal/ijsem/10.1099/ijs.0.02752-0,
   author = "Brettar, Ingrid and Christen, Richard and Höfle, Manfred G.",
   title = "Belliella baltica gen. nov., sp. nov., a novel marine bacterium of the Cytophaga–Flavobacterium–Bacteroides group isolated from surface water of the central Baltic Sea",
   journal = "International Journal of Systematic and Evolutionary Microbiology",
   year = "2004",
   volume = "54",
   number = "1", 
   pages = "65-70",
   url = "http://ijs.microbiologyresearch.org/content/journal/ijsem/10.1099/ijs.0.02752-0"
}

@article{winnick2005,
  title={How do you improve compliance?},
  author={Winnick, Sheldon and Lucas, David O and Hartman, Adam L and Toll, David},
  journal={Pediatrics},
  volume={115},
  number={6},
  pages={e718--e724},
  year={2005},
  publisher={Am Acad Pediatrics}
}

@article{falagas2006,
  title={Use of international units when dosing colistin will help decrease confusion related to various formulations of the drug around the world},
  author={Falagas, Matthew E and Kasiakou, Sofia K},
  journal={Antimicrobial agents and chemotherapy},
  volume={50},
  number={6},
  pages={2274--2275},
  year={2006},
  publisher={Am Soc Microbiol},
}
  
@article{coxInPress,
  author={Cox, C.S. and Brown, B.R. and Smith, J.C.},
  year={In press},
  journal={Journal of Genetics},
}

@incollection{forman2003,
  title={Specimen collection, transport, and processing: virology},
  author={Forman, Michael S and Valsamakis, Alexandra},
  booktitle={Manual of Clinical Microbiology},
  edition={8th},
  editor={Murray, P.R. and Baron, E.J. and Pfaller, M.A. and Jorgensen, J.H. and Yolken, R.H.},
  pages={1227--1241},
  year={2003},
  publisher={ASM Press},
  address={Washington, DC}
}

@inproceedings{green1984,
  title={Taxonomic status of some methylotrophic bacteria},
  author={Green, P.N. and Hood, D. and Dow, C.S.},
  booktitle={Microbial growth on {C1} compounds. Proceedings of the 4th International Symposium. American Society for Microbiology},
  address={Washington, DC},
  pages={251--254},
  year={1984}
}

